 @article{ART12,
    author  = {Shen Lin and Brian W. Kernighan},
    title   = {An Effective Heuristic Algorithm for the Travelling-Salesman Problem},
    journal = {Operations Research},
    volume = {Vol. 8(2)},
    month = {June},
    year    = {2012},
 }

@book{FT09,
	author = {Fridtjof Toenniessen2345}, 
	title = {Neueste Geheimnis zu den transzendenten Zahlen}, 
	publisher = {Spektrum Verlag},
	month = {Juni},
	year = {2009},
	}
       
@online{MM12,
       author = {Max Muster}, 
       title = {Scientific computing, zuletzt zugegriffen: 20.06.2012}, 
       year = {2012},
       howpublished = {www.abcdefghijklmnopqrstuvwxyz.de},
       }
       
 @article{ART11,
    author  = {Mark Lin and Michael Mayers},
    title   = {The most effective way to solv the ts-problem},
    journal = {Computer science},
	volume = {Vol. 12(4)},   	
   	month = {April},
    year    = {2011},
 }

@book{FT08,
	author = {Franz Ferdinand}, 
	title = {Neueste Geschichten aus der Computerwelt}, 
	publisher = {Hans-Dampf Verlag},
	month = {Dezember},
	year = {2008},
	}
       
@online{MM11,
       author = {Sepp Schuster}, 
       title = {Scientific news, zuletzt zugegriffen: 20.06.2012}, 
       year = {2011},
       howpublished = {www.zyxabcqrst.de},
       }
              
       