@article{lpips,
  title={The Unreasonable Effectiveness of Deep Features as a Perceptual Metric},
  author={Richard Zhang and Phillip Isola and Alexei A. Efros and Eli Shechtman and Oliver Wang},
  journal={2018 IEEE/CVF Conference on Computer Vision and Pattern Recognition},
  year={2018},
  pages={586-595}
}



@inproceedings{fid,
author = {Heusel, Martin and Ramsauer, Hubert and Unterthiner, Thomas and Nessler, Bernhard and Hochreiter, Sepp},
year = {2017},
month = {12},
pages = {},
title = {GANs Trained by a Two Time-Scale Update Rule Converge to a Local Nash Equilibrium}
}


@inproceedings{lplate,
  title={Adversarial Generation of Training Examples: Applications to Moving Vehicle License Plate Recognition},
  author={Xinlong Wang and Zhipeng Man and Mingyu You and Chunhua Shen},
  year={2017}
}

@article{survey,
  title={A survey on Image Data Augmentation for Deep Learning},
  author={Connor Shorten and Taghi M. Khoshgoftaar},
  journal={Journal of Big Data},
  year={2019},
  volume={6},
  pages={1-48}
}

@article{cyclegan,
  title={Unpaired Image-to-Image Translation Using Cycle-Consistent Adversarial Networks},
  author={Jun-Yan Zhu and Taesung Park and Phillip Isola and Alexei A. Efros},
  journal={2017 IEEE International Conference on Computer Vision (ICCV)},
  year={2017},
  pages={2242-2251}
}

@article{ufpr,
  author = {R. {Laroca} and V. {Barroso} and M. A. {Diniz} and G. R. {Gon{\c{c}}alves} and W. R. {Schwartz} and D. {Menotti}},
  title = {Convolutional Neural Networks for Automatic Meter Reading},
  journal = {Journal of Electronic Imaging},
  volume = {28},
  number = {},
  pages = {1-14},
  year = {2019},
  doi = {10.1117/1.JEI.28.1.013023},
}

@article{gan,
  title={Generative Adversarial Networks},
  author={Ian J. Goodfellow and Jean Pouget-Abadie and Mehdi Mirza and Bing Xu and David Warde-Farley and Sherjil Ozair and Aaron C. Courville and Yoshua Bengio},
  journal={ArXiv},
  year={2014},
  volume={abs/1406.2661}
}

@article{medic,
  title={Generative Adversarial Network in Medical Imaging: A Review},
  author={Xin Yi and Ekta Walia and Paul Babyn},
  journal={Medical image analysis},
  year={2019},
  volume={58},
  pages={
          101552
        }
}

@article{liver,
  title={GAN-based Synthetic Medical Image Augmentation for increased CNN Performance in Liver Lesion Classification},
  author={Maayan Frid-Adar and Idit Diamant and Eyal Klang and Michal Amitai and Jacob Goldberger and Hayit Greenspan},
  journal={Neurocomputing},
  year={2018},
  volume={321},
  pages={321-331}
}



@misc{coursera,
  author = {Andrew Ng},
  title = {Coursera {S}pezialisierung {D}eep {L}earning},
  howpublished = {\url{https://www.coursera.org/specializations/deep-learning}},
  note = {Letzter Zugriff: 2020-03-22}
}
@misc{weka,
  author = "{University of Waikato}",
  title = {{WEKA} - The workbench for machine learning},
  howpublished = {\url{https://www.cs.waikato.ac.nz/ml/weka}},
  note = {Letzter Zugriff: 2020-03-22}
}

@misc{mit,
  author = {Alexander Amini},
  title = {{MIT} 6.{S}191 (2019): Deep {G}enerative {M}odeling},
  howpublished = {\url{youtube.com/watch?v=yFBFl1cLYx8}},
  note = {Letzter Zugriff: 2020-03-22}
}
@misc{stan,
  author = "{Stanford University School of Engineering}",
  title = {Lecture 13 | Generative Models},
  howpublished = {\url{youtube.com/watch?v=yFBFl1cLYx8}},
  note = {Letzter Zugriff: 2020-03-22}
}

@misc{goodf1,
  author = {Ian Goodfellow},
  title = {Ian Goodfellow: Generative Adversarial Networks (NIPS 2016 tutorial)},
  howpublished = {\url{https://www.youtube.com/watch?v=HGYYEUSm-0Q}},
  note = {Letzter Zugriff: 2020-03-22, hochgeladen von: Steven Van Vaerenbergh}
}

@misc{goodf2,
  author = {Ian Goodfellow},
  title = {AAAI-19 Invited Talk - Ian Goodfellow (Google AI) - Adversarial Machine Learning},
  howpublished = {\url{youtube.com/watch?v=AJJRWFVfNPg}},
  note = {Letzter Zugriff: 2020-03-22, hochgeladen von: Thanh Nguyen Nguyen}
}
% Sonderzeichen bei obigem uploader wurden durch normale 'e's ersetzt

@misc{keras,
  title = {{Keras: The Python Deep Learning library}},
  howpublished = {\url{https://keras.io/}},
  note = {Letzter Zugriff: 2020-03-22}
}

@misc{ganex,
  title = {Tutorial: Deep Convolutional Generative Adversarial Network},
  howpublished = {\url{tensorflow.org/tutorials/generative/dcgan}},
  note = {Letzter Zugriff: 2020-03-22}
}

@misc{bsi,
  author = {{Bundesnetzagentur}},
  title = {Moderne Messeinrichtungen/Intelligente Messsysteme},
  howpublished = {\url{https://www.bundesnetzagentur.de/DE/Sachgebiete/ElektrizitaetundGas/Verbraucher/Metering/SmartMeter_node.html}},
  note = {Letzter Zugriff: 2020-03-23}
}




